@book{muhamad_iqbal,
	title={AN INTRODUCTION TO SOLAR RADIATION}, 
	isbn={0-12-373750-8},
	publisher={Academic Press}, 
	author={Iqbal, Muhamad}, 
	year={1983},
    note ="\url{http://gen.lib.rus.ec/book/index.php?md5=847630728964980635292982083385e6}"
}

@book{atlas_solar_bahia,
	title={Atlas Solar da Bahia}, 
	isbn={978-85-67342-03-0},
	publisher={Optagraf, Governo do Estado da Bahia}, 
	author={M. B. F. Cavalcanti, J. V. S. de Mendonça Filho}, 
	year={2018},
	note ="\url{http://200.187.9.65/docs/download/mapas/atlas-solar-Bahia-2018.pdf}"
}

@book{solar_rad_theory_uppsala_univ,
	title={Solar Radiation Theory}, 
	isbn={978-91-506-2760-2},
	publisher={Uppsala University}, 
	author={J. Widén, J. Munkhammar}, 
	note ="\url{http://urn.kb.se/resolve?urn=urn:nbn:se:uu:diva-381852}",
	year={2019}
}

